% Encoding: UTF-8

@Article{cuerda,
  author =  {Wikipedia},
  title =   {Cuerda vibrante},
  journal = {Wikipedia},
  year =    {2015}
}

@Misc{interior,
  author =       {Kjethdubns},
  title =        {Interior of a {S}teinway grand piano (model {B}-211), showing the strings, cast iron plate, soundboard and bridges},
  howpublished = {Wikipedia},
  year =         {2012}
}

@Misc{pedals,
  author =       {Fanoftheworld},
  title =        {Piano pedals of a {S}teinway \& {S}ons grand piano from the {S}teinway \& {S}ons piano factory in {H}amburg, {G}ermany},
  howpublished = {Wikipedia},
  year =         {2011}
}

@Article{piano,
  author =  {Wikipedia},
  title =   {Piano},
  journal = {Wikipedia},
  year =    {2016}
}

@Misc{pulsation,
  author =       {Olek Remesz},
  title =        {Fortepian - mechanizm angielski},
  howpublished = {Wikipedia},
  year =         {2006}
}

@Misc{range,
  author =       {Artur Jan Fija≈Çkowski},
  title =        {Piano's keyboard with notes},
  howpublished = {Wikipedia},
  year =         {2006}
}

@Misc{steinway,
  author =       {{Steinway \& Sons}},
  title =        {{S}teinway \& {S}ons concert grand piano, model {D}-274, manufactured at {S}teinway's factory in {H}amburg, {G}ermany},
  howpublished = {Wikipedia},
  year =         {2012}
}

@Misc{strings,
  author =       {Matt Billings},
  title =        {Piano strings},
  howpublished = {Wikipedia},
  year =         {2005}
}

@Misc{tuner,
  author =       {Henry Heatly},
  title =        {Piano tuner},
  howpublished = {Wikipedia},
  year =         {2007}
}
	
